@article{dago1990,
  author = {D'Agostino, Ralph B. and Belanger, Albert and D'Agostino, Jr.},
  journal = {The American Statistician},
  number = 4,
  pages = {316--321},
  publisher = {American Statistical Association},
  title = {A Suggestion for Using Powerful and Informative Tests of Normality},
  volume = 44,
  year = 1990
}
@book{lomax2007statistical,
  title={Statistical Concepts: A Second Course},
  author={Lomax, R.G.},
  isbn={9780805858501},
  lccn={2007276470},
  year={2007},
  publisher={Lawrence Erlbaum Associates}
}
